@article{validation:2008,
  title={Validation of a brief sense of community scale: Confirmation of the principal theory of sense of community},
  author={Peterson, N Andrew and Speer, Paul W and McMillan, David W},
  journal={Journal of Community Psychology},
  volume={36},
  number={1},
  pages={61--73},
  year={2008},
  publisher={Wiley Online Library}
}

@article{logisticDIF:1990,
  title={Detecting differential item functioning using logistic regression procedures},
  author={Swaminathan, Hariharan and Rogers, H Jane},
  journal={Journal of Educational measurement},
  volume={27},
  number={4},
  pages={361--370},
  year={1990},
  publisher={Wiley Online Library}
}

@article{oneFactor:1999,
  title={A review of the sense of community index: Current uses, factor structure, reliability, and further development},
  author={Chipuer, Heather M and Pretty, Grace MH},
  journal={Journal of Community psychology},
  volume={27},
  number={6},
  pages={643--658},
  year={1999},
  publisher={Wiley Online Library}
}

@article{fourFactor:2008,
  title={Validation of a brief sense of community scale: Confirmation of the principal theory of sense of community},
  author={Peterson, N Andrew and Speer, Paul W and McMillan, David W},
  journal={Journal of Community Psychology},
  volume={36},
  number={1},
  pages={61--73},
  year={2008},
  publisher={Wiley Online Library}
}

@article{definition:1986,
  title={Sense of community: A definition and theory},
  author={McMillan, David W and Chavis, David M},
  journal={Journal of community psychology},
  volume={14},
  number={1},
  pages={6--23},
  year={1986},
  publisher={John Wiley \& Sons, Inc.}
}

@book{sarson:1974,
  title={The psychological sense of community: Prospects for a community psychology},
  author={Sarason, Seymour Bernard},
  year={1974},
  publisher={Jossey-Bass San Francisco}
}

@article{disparities:2009,
  title={Disparities in Sense of Community: True race differences or differential item functioning?},
  author={Coffman, Donna L and BeLue, Rhonda},
  journal={Journal of community psychology},
  volume={37},
  number={5},
  pages={547--558},
  year={2009},
  publisher={Wiley Online Library}
}

@article{senseOfCommunity:1996,
  title={Sense of community},
  author={McMillan, David W},
  journal={Journal of community psychology},
  volume={24},
  number={4},
  pages={315--325},
  year={1996}
}

@article{biserial:2006,
  title={Preliminary item statistics using point-biserial correlation and p-values},
  author={Varma, Seema},
  journal={Educational Data Systems Inc.: Morgan Hill CA. Retrieved},
  volume={16},
  number={07},
  year={2006}
}

@book{irt:2001,
  title={The basics of item response theory},
  author={Baker, Frank B},
  year={2001},
  publisher={ERIC}
}

@article{analysis:1988,
  title={Full-information item factor analysis},
  author={Bock, R Darrell and Gibbons, Robert and Muraki, Eiji},
  journal={Applied Psychological Measurement},
  volume={12},
  number={3},
  pages={261--280},
  year={1988},
  publisher={Sage Publications}
}